%% This BibTeX bibliography file was created using BibDesk.
%% https://bibdesk.sourceforge.io/

%% Created for Ali Campion at 2020-06-25 12:32:24 -0400 


%% Saved with string encoding Unicode (UTF-8) 



@Article{geldsetzer_diabetes_2018,
	author = {Geldsetzer, Pascal and Manne-Goehler, Jennifer and Theilmann, Michaela and Davies, Justine I. and Awasthi, Ashish and Vollmer, Sebastian and Jaacks, Lindsay M. and B{\"a}rnighausen, Till and Atun, Rifat},
	journal = {{JAMA} Internal Medicine},
	number = {3},
	pages = {363--372},
	title = {Diabetes and Hypertension in India: A Nationally Representative Study of 1.3 Million Adults},
	volume = {178},
	year = 2018
}

@Article{bischops_prevalence_2019,
	author = {Bischops, Anne C. and Manne-Goehler, Jennifer and Jaacks, Lindsay M. and Awasthi, Ashish and Theilmann, Michaela and Davies, Justine I. and Atun, Rifat and B{\"a}rnighausen, Till and Vollmer, Sebastian and Geldsetzer, Pascal},
	journal = {{Journal of Hypertension}},
	number = {9},
	pages = {1822--1831},
	title = {The prevalence of concurrently raised blood glucose and blood pressure in India: a cross-sectional study of 2,035,662 adults},
	volume = {37},
	year = 2019
}

@Article{williamson_opensafely_2020,
	author = {Williamson, Elizabeth and Walker, Alex J and Bhaskaran, Krishnan J and Bacon, Seb and Bates, Chris and Morton, Caroline E and Curtis, Helen J and Mehrkar, Amir and Evans, David and Inglesby, Peter and Cockburn, Jonathan and Mcdonald, Helen I and {MacKenna}, Brian and Tomlinson, Laurie and Douglas, Ian J and Rentsch, Christopher T and Mathur, Rohini and Wong, Angel and Grieve, Richard and Harrison, David and Forbes, Harriet and Schultze, Anna and Croker, Richard T and Parry, John and Hester, Frank and Harper, Sam and Perera, Rafael and Evans, Stephen and Smeeth, Liam and Goldacre, Ben},
	doi = {10.1101/2020.05.06.20092999},
	journal = {medRxiv},
	pages = {2020.05.06.20092999},
	title = {{OpenSAFELY}: factors associated with {COVID}-19-related hospital death in the linked electronic health records of 17 million adult {NHS} patients.},
	url = {http://medrxiv.org/content/early/2020/05/07/2020.05.06.20092999.abstract},
	year = 2020,
}

@Article{adams_population-based_2020,
	author = {Adams, Mary L. and Katz, David L. and Grandpre, Joseph},
	doi = {https://doi.org/10.3201/eid2608.200679},
	journal = {{Emerging Infections Diseases}},
	number = {8},
	title = {Population-Based Estimates of Chronic Conditions Affecting Risk for Complications from Coronavirus Disease, United States},
	volume = {26},
	year = 2020,
}

@Article{petrilli_factors_2020,
	author = {Petrilli, Christopher M. and Jones, Simon A. and Yang, Jie and Rajagopalan, Harish and O'Donnell, Luke and Chernyak, Yelena and Tobin, Katie A. and Cerfolio, Robert J. and Francois, Fritz and Horwitz, Leora I.},
	doi = {10.1136/bmj.m1966},
	journal = {British Medical Journal},
	rights = {Author(s) (or their employer(s)) 2019. Re-use permitted under {CC} {BY}-{NC}. No commercial re-use. See rights and permissions. Published by {BMJ}.. http://creativecommons.org/licenses/by-nc/4.0/This is an Open Access article distributed in accordance with the Creative Commons Attribution Non Commercial ({CC} {BY}-{NC} 4.0) license, which permits others to distribute, remix, adapt, build upon this work non-commercially, and license their derivative works on different terms, provided the original work is properly cited and the use is non-commercial. See: http://creativecommons.org/licenses/by-nc/4.0/.},
	title = {Factors associated with hospital admission and critical illness among 5279 people with coronavirus disease 2019 in New York City: prospective cohort study},
	url = {https://www.bmj.com/content/369/bmj.m1966},
	urldate = {2020-06-08},
	volume = {369},
	year = 2020,
}

@Misc{noauthor_coronavirus_2020,
	author = {World Health Organization},
	institution = {World Health Organization},
  publisher = {World Health Organization},
	month = {06},
	number = {142},
	title = {Coronavirus disease ({COVID}-19) Situation Report - 142},
	year = 2020
}

@Article{souza_epidemiological_2020,
	author = {Souza, William Marciel de and Buss, Lewis Fletcher and da Silva Candido, Darlan and Carrera, Jean Paul and Li, Sabrina and Zarebski, Alexander and Vincenti-Gonzalez, Maria and Messina, Janey and Sales, Flavia Cristina da Silva and Andrade, Pamela dos Santos and Prete, Carlos A and Nascimento, Vitor Heloiz and Ghilardi, Fabio and Pereira, Rafael Henrique Moraes and Santos, Andreza Aruska de Souza and Abade, Leandro and Gutierrez, Bernardo and Kraemer, Moritz U. G. and Aguiar, Renato Santana and Alexander, Neal and Mayaud, Philippe and Brady, Oliver J and Souza, Izabel Oliva Marcilio de and Gouveia, Nelson and Li, Guangdi and Tami, Adriana and Oliveira, Silvano Barbosa and Porto, Victor Bertollo Gomes and Ganem, Fabiana and Almeida, Walquiria Ferreira and Fantinato, Francieli Fontana Sutile Tardetti and Macario, Eduardo Marques and Oliveira, Wanderson Kleber and Pybus, Oliver and Wu, Chieh-Hsi and Croda, Julio and Sabino, Ester Cerdeira and Faria, Nuno R.},
	doi = {10.1101/2020.04.25.20077396},
	journal = {medRxiv},
	pages = {2020.04.25.20077396},
	title = {Epidemiological and clinical characteristics of the early phase of the {COVID}-19 epidemic in Brazil},
	url = {http://medrxiv.org/content/early/2020/04/29/2020.04.25.20077396.abstract},
	year = 2020,
}

@Article{wu_characteristics_2020,
	author = {Wu, Zunyou and {McGoogan}, Jennifer M.},
	doi = {10.1001/jama.2020.2648},
	journal = {JAMA},
	number = {13},
	pages = {1239--1242},
	title = {Characteristics of and Important Lessons From the Coronavirus Disease 2019 ({COVID}-19) Outbreak in China: Summary of a Report of 72â€¯314 Cases From the Chinese Center for Disease Control and Prevention},
	url = {https://doi.org/10.1001/jama.2020.2648},
	urldate = {2020-06-11},
	volume = {323},
	year = 2020,
}

@Article{zhou_clinical_2020,
	author = {Zhou, Fei and Yu, Ting and Du, Ronghui and Fan, Guohui and Liu, Ying and Liu, Zhibo and Xiang, Jie and Wang, Yeming and Song, Bin and Gu, Xiaoying and Guan, Lulu and Wei, Yuan and Li, Hui and Wu, Xudong and Xu, Jiuyang and Tu, Shengjin and Zhang, Yi and Chen, Hua and Cao, Bin},
	journal = {The Lancet},
	pages = {1054--62},
	title = {Clinical course and risk factors for mortality of adult inpatients with {COVID}-19 in Wuhan, China: a retrospective cohort study},
	volume = {395},
	year = 2020
}

@Article{onder_case-fatality_2020,
	author = {Onder, Graziano and Rezza, Giovanni and Brusaferro, Silvio},
	doi = {10.1001/jama.2020.4683},
	journal = {JAMA},
	number = {18},
	pages = {1775-1776},
	title = {Case-Fatality Rate and Characteristics of Patients Dying in Relation to {COVID}-19 in Italy},
	url = {https://doi.org/10.1001/jama.2020.4683},
	urldate = {2020-06-11},
	volume = {323},
	year = 2020,
}

@Article{guilmoto_covid-19_2020,
	author = {Guilmoto, Christophe Z Z},
	doi = {10.1101/2020.05.17.20097410},
	journal = {medRxiv},
	title = {{COVID}-19 death rates by age and sex and the resulting mortality vulnerability of countries and regions in the world},
	url = {http://medrxiv.org/content/early/2020/05/20/2020.05.17.20097410.abstract},
	year = 2020,
}

@Article{dowd_demographic_2020,
	author = {Dowd, Jennifer Beam and Andriano, Liliana and Brazel, David M. and Rotondi, Valentina and Block, Per and Ding, Xuejie and Liu, Yan and Mills, Melinda C.},
	doi = {10.1073/pnas.2004911117},
	journal = {Proceedings of the National Academy of Sciences},
	number = {18},
	pages = {9696},
	title = {Demographic science aids in understanding the spread and fatality rates of {COVID}-19},
	url = {http://www.pnas.org/content/117/18/9696.abstract},
	volume = {117},
	year = 2020,
}

@Article{murray_forecasting_2020,
	author = {Murray, Christopher {JL}},
	doi = {10.1101/2020.04.21.20074732},
	journal = {medRxiv},
	title = {Forecasting the impact of the first wave of the {COVID}-19 pandemic on hospital demand and deaths for the {USA} and European Economic Area countries},
	url = {http://medrxiv.org/content/early/2020/04/26/2020.04.21.20074732.abstract},
	year = 2020,
}

@Article{jordan_covid-19_2020,
	author = {Jordan, Rachel E and Adab, Peymane and Cheng, K K},
	doi = {10.1136/bmj.m1198},
	journal = {British Medical Journal},
	pages = {m1198},
	title = {Covid-19: risk factors for severe disease and death},
	url = {http://www.bmj.com/content/368/bmj.m1198.abstract},
	volume = {368},
	year = 2020,
}

@Article{petrilli_factors_2020-1,
	author = {Petrilli, Christopher M. and Jones, Simon A. and Yang, Jie and Rajagopalan, Harish and O'Donnell, Luke F. and Chernyak, Yelena and Tobin, Katie and Cerfolio, Robert J. and Francois, Fritz and Horwitz, Leora I.},
	doi = {10.1101/2020.04.08.20057794},
	journal = {medRxiv},
	title = {Factors associated with hospitalization and critical illness among 4,103 patients with {COVID}-19 disease in New York City},
	url = {http://medrxiv.org/content/early/2020/04/11/2020.04.08.20057794.abstract},
	year = 2020,
}

@Article{richardson_presenting_2020,
	author = {Richardson, Safiya and Hirsch, Jamie S. and Narasimhan, Mangala and Crawford, James M. and McGinn, Thomas and Davidson, Karina W. and {and the Northwell COVID-19 Research Consortium}},
	doi = {10.1001/jama.2020.6775},
	journal = {JAMA},
	number = {20},
	pages = {2052--2059},
	title = {Presenting Characteristics, Comorbidities, and Outcomes Among 5700 Patients Hospitalized With {COVID}-19 in the New York City Area},
	url = {https://doi.org/10.1001/jama.2020.6775},
	volume = {323},
	year = 2020,
}

@online{noauthor_south_2019,
	date = {2019-12},
	title = {South Korea: Age structure between 2008 and 2018},
	titleaddon = {statista},
	url = {https://www.statista.com/statistics/242558/age-distribution-in-south-korea/},
	urldate = {2020-06-11},
}

@Article{atkins_preexisting_2020,
	author = {Atkins, Janice L and Masoli, Jane {AH} and Delgado, Joao and Pilling, Luke C and Kuo, Chia-Ling C and Kuchel, George and Melzer, David},
	doi = {10.1101/2020.05.06.20092700},
	journal = {medRxiv},
	pages = {2020.05.06.20092700},
	title = {{PREEXISTING} {COMORBIDITIES} {PREDICTING} {SEVERE} {COVID}-19 {IN} {OLDER} {ADULTS} {IN} {THE} {UK} {BIOBANK} {COMMUNITY} {COHORT}},
	url = {http://medrxiv.org/content/early/2020/05/08/2020.05.06.20092700.abstract},
	year = 2020,
}

@online{basu_age_2020,
	author = {Basu, Parantap and Sen, Kunal},
	date = {2020-04-10},
	title = {Age composition of population and Covid-19},
	titleaddon = {Ideas for India},
	url = {https://www.ideasforindia.in/topics/macroeconomics/age-composition-of-population-and-covid-19.html},
  year = 2020,
}

@Misc{walker_report_2020,
	author = {Walker, Patrick {GT} and Whittaker, Charles and Watson, Oliver and Baguelin, Marc and Ainslie, Kylie {EC} and Bhatia, Sangeeta and Bhatt, Samir and Boonyasiri, Adhiratha and Boyd, Olivia and Cattarino, Lorenzo and Cucunub{\'a}, Zulma and Cuomo-Dannenburg, Gina and Dighe, Amy and Donnelly, Christl A and Dorigatti, Ilaria and van Elsland, Sabine and {FitzJohn}, Rich and Flaxman, Seth and Fu, Han and Gaythorpe, Katy and Geidelberg, Lily and Grassly, Nicholas and Green, Will and Hamlet, Arran and Hauck, Katharina and Haw, David and Hayes, Sarah and Hinsley, Wes and Imai, Natsuko and Jorgensen, David and Knock, Edward and Laydon, Daniel and Mishra, Swapnil and Nedjati-Gilani, Gemma and Okell, Lucy C and Riley, Steven and Thompson, Hayley and Unwin, Juliette and Verity, Robert and Vollmer, Michaela and Walters, Caroline and Wang, Hao Wei and Wang, Yuanrong and Winskill, Peter and Xi, Xiaoyue and Ferguson, Neil M and Ghani, Azra C},
	institution = {Imperial College {COVID}-19 Response Team},
  publisher = {Imperial College {COVID}-19 Response Team},
	month = {03},
	number = {12},
	title = {Report 12: The Global Impact of {COVID}-19 and Strategies for Mitigation and Suppression},
	urldate = {2020-06-11},
	year = 2020
}

@Article{brown_can_2020,
	author = {Brown, Caitlin S. and Ravallion, Martin and van de Walle, Dominique},
	doi = {10.3386/w27200},
	journal = {National Bureau of Economic Research, Working Paper Series},
	title = {Can the World's Poor Protect Themselves from the New Coronavirus?},
	url = {http://www.nber.org/papers/w2720},
	volume = {27200},
	year = 2020,
}

@Article{ghosh_covid-19_2020,
	author = {Ghosh, Abantika},
	journal = {The Indian Express},
	location = {India},
	title = {Covid-19: Almost 50\% of the dead are below age 60, up from 25\%},
	year = 2020
}

@Article{ioannidis_population-level_2020,
	author = {Ioannidis, John P. A. and Axfors, Cathrine and Contopoulos-Ioannidis, Despina G.},
	doi = {10.1101/2020.04.05.20054361},
	journal = {medRxiv},
	title = {Population-level {COVID}-19 mortality risk for non-elderly individuals overall and for non-elderly individuals without underlying diseases in pandemic epicenters},
	url = {http://medrxiv.org/content/early/2020/05/05/2020.04.05.20054361.abstract},
	year = 2020,
}

@Article{mccoy_developing_2020,
	author = {{McCoy}, Terrence and Traiano, Helo{\'\i}sa},
	journal = {The Washington Post},
	title = {In the developing world, the coronavirus is killing far more young people},
	url = {https://www.washingtonpost.com/world/the_americas/coronavirus-brazil-killing-young-developing-world/2020/05/22/f76d83e8-99e9-11ea-ad79-eef7cd734641_story.html},
	urldate = {2020-06-22},
	year = 2020,
}

@Article{oliveira_analysis_2020,
	author = {Oliveira, Maria Helena Santos de and Wong, Johnny and Lippi, Giuseppe and Henry, Brandon Michael},
	doi = {10.1016/j.bjid.2020.05.002},
	eprint = {32479748},
	eprinttype = {pubmed},
	journal = {The Brazilian Journal of Infectious Diseases},
	note = {Publisher: Sociedade Brasileira de Infectologia. Published by Elsevier Espa{\~n}a, S.L.U.},
	pages = {S1413--8670(20)30056--8},
	title = {Analysis of clinical and demographic heterogeneity of patients dying from {COVID}-19 in Brazil versus China and Italy},
	url = {https://pubmed.ncbi.nlm.nih.gov/32479748},
	year = 2020,
}

@Article{carrillo-vega_early_2020,
	author = {Carrillo-Vega, Maria Fernanda and Salinas-Escudero, Guillermo and Garcia-Pe{\~n}a, Carmen and Gutierrez-Robledo, Luis Miguel and Parra-Rodriguez, Lorena},
	doi = {10.1101/2020.05.11.20098145},
	journal = {medRxiv},
	pages = {2020.05.11.20098145},
	title = {Early estimation of the risk factors for hospitalisation and mortality by {COVID}-19 in Mexico},
	url = {http://medrxiv.org/content/early/2020/05/14/2020.05.11.20098145.abstract},
	year = 2020,
}

@Misc{coates_overview_2019,
	author = {Coates, Sarah and Tanna, Priya and Scott-Allen, Eleanor},
	institution = {Office for National Statistics},
  publisher = {Office for National Statistics},
	title = {Overview of the {UK} population: August 2019},
	url = {https://www.ons.gov.uk/peoplepopulationandcommunity/populationandmigration/populationestimates/articles/overviewoftheukpopulation/august2019},
	urldate = {2020-06-06},
	year = 2019
}

@Article{mclean_projecting_2016,
	author = {{McLean}, Susannah and Hoogendoorn, Martine and Hoogenveen, Rudolf T. and Feenstra, Talitha L. and Wild, Sarah and Simpson, Colin R. and M{\"o}lken, Maureen Rutten-van and Sheikh, Aziz},
	doi = {10.1038/srep31893},
	journal = {Scientific Reports},
	Pmcid = {PMC5008118},
	Pmid = {27583987},
	title = {Projecting the {COPD} population and costs in England and Scotland: 2011 to 2030},
	url = {https://www.ncbi.nlm.nih.gov/pmc/articles/PMC5008118/},
	urldate = {2020-06-23},
	volume = {6},
	year = 2016
}

@Misc{noauthor_annual_2014,
	author = {Office of the Registrar General \& Census Commissioner, India Ministry of Home Affairs, Government of India},
	institution = {Office of the Registrar General \& Census Commissioner, India Ministry of Home Affairs, Government of India},
  publisher = {Office of the Registrar General \& Census Commissioner, India Ministry of Home Affairs, Government of India},
	title = {Annual Health Survey Report: A Report on Clinical, Anthropometric and Bio-Chemical Survey Part {II}},
	year = {2014}}

@Misc{noauthor_district_2012,
	author = {Ministry of Health and Family Welfare, Government of India},
	institution = {Ministry of Health and Family Welfare, Government of India},
  publisher = {Ministry of Health and Family Welfare, Government of India},
	title = {District Level Household and Facility Survey-4: Field Operational Manual for Health Investigators/Supervisors},
	year = {2012}}

@Misc{noauthor_annual_2014-1,
	author = {Office of the Registrar General \& Census Commissioner, India Ministry of Home Affairs, Government of India},
	institution = {Office of the Registrar General \& Census Commissioner, India Ministry of Home Affairs, Government of India},
  puplisher = {Office of the Registrar General \& Census Commissioner, India Ministry of Home Affairs, Government of India},
	title = {Annual Health Survey Report: A Report on Core and Vital Health Indicators Part I},
	year = {2014}}
